@book{Fairchild2016,
abstract = {GitHub - FairchildC/ROS-Robotics-by-Example: ROS Robotics By Example -{\textgreater} source code by chapter},
author = {Fairchild, Carol and Harman, Thomas L.},
file = {:home/huyhv/.local/share/data/Mendeley Ltd./Mendeley Desktop/Downloaded/Fairchild, Harman - 2016 - ROS Robotics By Example.pdf:pdf},
isbn = {9781782175193},
mendeley-groups = {ROS{\_}book{\_}ref},
pages = {428},
title = {{ROS Robotics By Example}},
year = {2016}
}

@book{siegwart2011introduction,
  title={Introduction to autonomous mobile robots},
  author={Siegwart, Roland and Nourbakhsh, Illah Reza and Scaramuzza, Davide},
  year={2011},
  publisher={MIT press}
}

@misc{Burgard2010,
	author = {Burgard, Wolfram and Stachniss, Cyrill and Arras, Kai and Bennewitz, Maren},
	file = {:C$\backslash$:/Users/Huy/AppData/Local/Mendeley Ltd./Mendeley Desktop/Downloaded/Burgard et al. - 2010 - Introduction to Mobile Robotics SLAM Simultaneous Localization and Mapping What is SLAM.pdf:pdf},
	mendeley-groups = {SLAM and relate/overview SLAM},
	number = {June},
	title = {{Introduction to Mobile Robotics SLAM : Simultaneous Localization and Mapping What is SLAM ?}},
	year = {2010}
}
